
@article{nuInt,
      author         = "McFarland, Kevin Scott",
      title          = "{Neutrino Interactions}",
      booktitle      = "{Neutrinos in particle physics, astrophysics and
                        cosmology. Proceedings, 61st Scottish Universities Summer
                        School in Physics, SUSSP61, St. Andrews, UK, August 8-23,
                        2006}",
      url            = "http://inspirehep.net/record/784224/files/arXiv:0804.3899.pdf",
      year           = "2008",
      pages          = "65-90",
      eprint         = "0804.3899",
      archivePrefix  = "arXiv",
      primaryClass   = "hep-ex",
      SLACcitation   = "%%CITATION = ARXIV:0804.3899;%%"
}


@article{nuOsc,
      author         = "Fukuda, Y. and others",
      title          = "{Evidence for oscillation of atmospheric neutrinos}",
      collaboration  = "Super-Kamiokande",
      journal        = "Phys. Rev. Lett.",
      volume         = "81",
      year           = "1998",
      pages          = "1562-1567",
      doi            = "10.1103/PhysRevLett.81.1562",
      eprint         = "hep-ex/9807003",
      archivePrefix  = "arXiv",
      primaryClass   = "hep-ex",
      reportNumber   = "BU-98-17, ICRR-REPORT-422-98-18, UCI-98-8,
                        KEK-PREPRINT-98-95, LSU-HEPA-5-98, UMD-98-003, SBHEP-98-5,
                        TKU-PAP-98-06, TIT-HPE-98-09",
      SLACcitation   = "%%CITATION = HEP-EX/9807003;%%"
}


