@article{nuInt,
      author         = "McFarland, Kevin Scott",
      title          = "{Neutrino Interactions}",
      booktitle      = "{Neutrinos in particle physics, astrophysics and
                        cosmology. Proceedings, 61st Scottish Universities Summer
                        School in Physics, SUSSP61, St. Andrews, UK, August 8-23,
                        2006}",
      url            = "http://inspirehep.net/record/784224/files/arXiv:0804.3899.pdf",
      year           = "2008",
      pages          = "65-90",
      eprint         = "0804.3899",
      archivePrefix  = "arXiv",
      primaryClass   = "hep-ex",
      SLACcitation   = "%%CITATION = ARXIV:0804.3899;%%"
}


@article{nuOsc,
      author         = "Fukuda, Y. and others",
      title          = "{Evidence for oscillation of atmospheric neutrinos}",
      collaboration  = "Super-Kamiokande",
      journal        = "Phys. Rev. Lett.",
      volume         = "81",
      year           = "1998",
      pages          = "1562-1567",
      doi            = "10.1103/PhysRevLett.81.1562",
      eprint         = "hep-ex/9807003",
      archivePrefix  = "arXiv",
      primaryClass   = "hep-ex",
      reportNumber   = "BU-98-17, ICRR-REPORT-422-98-18, UCI-98-8,
                        KEK-PREPRINT-98-95, LSU-HEPA-5-98, UMD-98-003, SBHEP-98-5,
                        TKU-PAP-98-06, TIT-HPE-98-09",
      SLACcitation   = "%%CITATION = HEP-EX/9807003;%%"
}

@article{xsecCurr,
      author         = "Formaggio, J. A. and Zeller, G. P.",
      title          = "{From eV to EeV: Neutrino Cross Sections Across Energy
                        Scales}",
      journal        = "Rev. Mod. Phys.",
      volume         = "84",
      year           = "2012",
      pages          = "1307-1341",
      doi            = "10.1103/RevModPhys.84.1307",
      eprint         = "1305.7513",
      archivePrefix  = "arXiv",
      primaryClass   = "hep-ex",
      reportNumber   = "FERMILAB-PUB-12-785-E",
      SLACcitation   = "%%CITATION = ARXIV:1305.7513;%%"
}

@article{genie,
      author         = "Andreopoulos, Costas and Barry, Christopher and Dytman,
                        Steve and Gallagher, Hugh and Golan, Tomasz and Hatcher,
                        Robert and Perdue, Gabriel and Yarba, Julia",
      title          = "{The GENIE Neutrino Monte Carlo Generator: Physics and
                        User Manual}",
      year           = "2015",
      eprint         = "1510.05494",
      archivePrefix  = "arXiv",
      primaryClass   = "hep-ph",
      reportNumber   = "FERMILAB-FN-1004-CD",
      SLACcitation   = "%%CITATION = ARXIV:1510.05494;%%"
}

@article{prof,
      author         = "Buckley, Andy and Hoeth, Hendrik and Lacker, Heiko and
                        Schulz, Holger and von Seggern, Jan Eike",
      title          = "{Systematic event generator tuning for the LHC}",
      journal        = "Eur. Phys. J.",
      volume         = "C65",
      year           = "2010",
      pages          = "331-357",
      doi            = "10.1140/epjc/s10052-009-1196-7",
      eprint         = "0907.2973",
      archivePrefix  = "arXiv",
      primaryClass   = "hep-ph",
      reportNumber   = "IPPP-09-52, DCPT-104-22, LU-TP-09-18, HU-EP-09-33,
                        MCNET-09-14",
      SLACcitation   = "%%CITATION = ARXIV:0907.2973;%%"
}

@article{sbn,
      author         = "Antonello, M. and others",
      title          = "{A Proposal for a Three Detector Short-Baseline Neutrino
                        Oscillation Program in the Fermilab Booster Neutrino
                        Beam}",
      collaboration  = "LAr1-ND, ICARUS-WA104, MicroBooNE",
      year           = "2015",
      eprint         = "1503.01520",
      archivePrefix  = "arXiv",
      primaryClass   = "physics.ins-det",
      SLACcitation   = "%%CITATION = ARXIV:1503.01520;%%"
}

@article{mbEx,
      author         = "Aguilar-Arevalo, A. A. and others",
      title          = "{Unexplained Excess of Electron-Like Events From a 1-GeV
                        Neutrino Beam}",
      collaboration  = "MiniBooNE",
      journal        = "Phys. Rev. Lett.",
      volume         = "102",
      year           = "2009",
      pages          = "101802",
      doi            = "10.1103/PhysRevLett.102.101802",
      eprint         = "0812.2243",
      archivePrefix  = "arXiv",
      primaryClass   = "hep-ex",
      reportNumber   = "FERMILAB-PUB-08-570, LA-UR-08-07142",
      SLACcitation   = "%%CITATION = ARXIV:0812.2243;%%"
}

@article{BR,
      author         = "Pocanic, Dinko and Frlez, Emil and van der Schaaf,
                        Andries",
      title          = "{Experimental study of rare charged pion decays}",
      journal        = "J. Phys.",
      volume         = "G41",
      year           = "2014",
      pages          = "114002",
      doi            = "10.1088/0954-3899/41/11/114002",
      eprint         = "1407.2865",
      archivePrefix  = "arXiv",
      primaryClass   = "hep-ex",
      SLACcitation   = "%%CITATION = ARXIV:1407.2865;%%"
}

@article{larRes,
      author         = "Baller, B. and others",
      title          = "{Liquid Argon Time Projection Chamber Research and
                        Development in the United States}",
      journal        = "JINST",
      volume         = "9",
      year           = "2014",
      pages          = "T05005",
      doi            = "10.1088/1748-0221/9/05/T05005",
      eprint         = "1307.8166",
      archivePrefix  = "arXiv",
      primaryClass   = "physics.ins-det",
      reportNumber   = "FERMILAB-CONF-13-257-E",
      SLACcitation   = "%%CITATION = ARXIV:1307.8166;%%"
}

@misc{evDisp,
    author           = "Patrick, C.",
    title            = "MicroBooNE sees first accelerator-born neutrinos",
    year             = "02-11-2015",
    howpublished     = "\url{http://www.fnal.gov/pub/today/archive/archive_2015/today15-11-02.html}",
    note             = "Cited on 27-04-2017",
    urldate          = "27-04-2017",
    originalyear     = "02-11-2015"
}

@article{lartpc,
      author         = "Acciarri, R. and others",
      title          = "{Design and Construction of the MicroBooNE Detector}",
      collaboration  = "MicroBooNE",
      journal        = "JINST",
      volume         = "12",
      year           = "2017",
      number         = "02",
      pages          = "P02017",
      doi            = "10.1088/1748-0221/12/02/P02017",
      eprint         = "1612.05824",
      archivePrefix  = "arXiv",
      primaryClass   = "physics.ins-det",
      reportNumber   = "FERMILAB-PUB-16-613-ND",
      SLACcitation   = "%%CITATION = ARXIV:1612.05824;%%"
}
@article{teppei,
      author         = "Katori, Teppei and Martini, Marco",
      title          = "{Neutrino-Nucleus Cross Sections for Oscillation
                        Experiments}",
      year           = "2016",
      eprint         = "1611.07770",
      archivePrefix  = "arXiv",
      primaryClass   = "hep-ph",
      SLACcitation   = "%%CITATION = ARXIV:1611.07770;%%"
}
